<?xml version="1.0" encoding="UTF-8"?><collection xmlns="http://www.loc.gov/MARC21/slim"><record><leader>00497nam--2200169-i-4500</leader><controlfield tag="001">000009511</controlfield><controlfield tag="002">20161230</controlfield><controlfield tag="005">20161230201028</controlfield><controlfield tag="008">060222s1000------------r-----000-0-eng-d</controlfield><datafield ind1=" " ind2=" " tag="040"><subfield code="a">IFIN-HH</subfield></datafield><datafield ind1=" " ind2=" " tag="080"><subfield code="a">539.12.134(083.3)</subfield></datafield><datafield ind1="1" ind2=" " tag="100"><subfield code="a">Baker, Samuel Israel</subfield></datafield><datafield ind1="1" ind2="0" tag="245"><subfield code="a">Lifetime measurements in ca41 and si29</subfield><subfield code="b">Dissertation</subfield><subfield code="c">Samuel israel baker</subfield></datafield><datafield ind1=" " ind2=" " tag="260"><subfield code="a">Chicago, Illinois</subfield><subfield code="b">Illinois Institute Of Technology</subfield><subfield code="c">1967</subfield></datafield><datafield ind1=" " ind2=" " tag="300"><subfield code="a">161P</subfield></datafield><datafield ind1=" " ind2=" " tag="852"><subfield code="a">33672</subfield><subfield code="c">539.12</subfield></datafield><datafield ind1=" " ind2=" " tag="CAT"><subfield code="a">Sys</subfield><subfield code="c">20111121</subfield><subfield code="h">125428</subfield></datafield></record></collection>